<record><leader>00000cas a2200000 a 4500</leader><controlfield tag="001">12220878</controlfield><controlfield tag="008">850701d18741876miuwr ne      0    0eng c</controlfield><datafield ind1=" " ind2=" " tag="010"><subfield code="a">sn 85026427 </subfield></datafield><datafield ind1=" " ind2=" " tag="040"><subfield code="a">NPX</subfield><subfield code="b">eng</subfield><subfield code="c">NPX</subfield><subfield code="d">MHN</subfield><subfield code="d">OCL</subfield><subfield code="d">OCLCQ</subfield><subfield code="d">OCLCF</subfield><subfield code="d">OCLCO</subfield></datafield><datafield ind1=" " ind2=" " tag="042"><subfield code="a">pcc</subfield></datafield><datafield ind1=" " ind2=" " tag="043"><subfield code="a">n-us-mi</subfield></datafield><datafield ind1="0" ind2=" " tag="130"><subfield code="a">Big Rapids pioneer (Big Rapids, Mich. : 1874)</subfield></datafield><datafield ind1="1" ind2="0" tag="245"><subfield code="a">Big Rapids pioneer.</subfield></datafield><datafield ind1=" " ind2=" " tag="260"><subfield code="a">Big Rapids, Mich. :</subfield><subfield code="b">Charlie Gay</subfield></datafield><datafield ind1=" " ind2=" " tag="300"><subfield code="a">v.</subfield></datafield><datafield ind1=" " ind2=" " tag="310"><subfield code="a">Weekly</subfield></datafield><datafield ind1="0" ind2=" " tag="362"><subfield code="a">Vol. 12, no. 29 (July 9, 1874)-v. 14, no. 48 (Nov. 9, 1876) = whole no. 601-whole no. 724.</subfield></datafield><datafield ind1=" " ind2=" " tag="500"><subfield code="a">Editors: Charlie Gay, M.W. Barrows, &lt;1876&gt;.</subfield></datafield><datafield ind1=" " ind2=" " tag="500"><subfield code="a">"Republican," &lt;1876&gt;.</subfield></datafield><datafield ind1=" " ind2=" " tag="580"><subfield code="a">Merged with: Big Rapids magnet, to form: Pioneer-magnet.</subfield></datafield><datafield ind1=" " ind2="0" tag="651"><subfield code="a">Big Rapids (Mich.)</subfield><subfield code="v">Newspapers.</subfield></datafield><datafield ind1=" " ind2="0" tag="651"><subfield code="a">Mecosta County (Mich.)</subfield><subfield code="v">Newspapers.</subfield></datafield><datafield ind1=" " ind2="7" tag="655"><subfield code="a">Newspapers.</subfield><subfield code="2">fast</subfield><subfield code="0">(OCoLC)fst01423814</subfield></datafield><datafield ind1=" " ind2="7" tag="651"><subfield code="a">Michigan</subfield><subfield code="z">Big Rapids.</subfield><subfield code="2">fast</subfield><subfield code="0">(OCoLC)fst01216371</subfield></datafield><datafield ind1=" " ind2="7" tag="651"><subfield code="a">Michigan</subfield><subfield code="z">Mecosta County.</subfield><subfield code="2">fast</subfield><subfield code="0">(OCoLC)fst01214742</subfield></datafield><datafield ind1=" " ind2=" " tag="752"><subfield code="a">United States</subfield><subfield code="b">Michigan</subfield><subfield code="c">Mecosta</subfield><subfield code="d">Big Rapids.</subfield></datafield><datafield ind1="0" ind2="0" tag="780"><subfield code="t">Mecosta County pioneer</subfield><subfield code="w">(DLC)sn 85033574</subfield><subfield code="w">(OCoLC)12062313</subfield></datafield><datafield ind1="1" ind2="7" tag="785"><subfield code="t">Big Rapids magnet</subfield><subfield code="w">(DLC)sn 85033572</subfield><subfield code="w">(OCoLC)12062308</subfield></datafield><datafield ind1="1" ind2="7" tag="785"><subfield code="t">Pioneer-magnet</subfield><subfield code="w">(DLC)sn 96076657</subfield><subfield code="w">(OCoLC)34798887</subfield></datafield></record>